@article{jafar2010ant,
  title={Ant-based clustering algorithms: A brief survey},
  author={Jafar, OA Mohamed and Sivakumar, R},
  journal={International journal of computer theory and engineering},
  volume={2},
  number={5},
  pages={787},
  year={2010},
  publisher={IACSIT Press}
}

@article{runkler2005ant,
  title={Ant colony optimization of clustering models},
  author={Runkler, Thomas A},
  journal={International Journal of Intelligent Systems},
  volume={20},
  number={12},
  pages={1233--1251},
  year={2005},
  publisher={Wiley Online Library}
}

@inproceedings{vescan2019solving,
  title={Solving the Test Case Prioritization Problem with Secure Features Using Ant Colony System},
  author={Vescan, Andreea and Pintea, Camelia-M and Pop, Petrica C},
  booktitle={International Joint Conference: 12th International Conference on Computational Intelligence in Security for Information Systems (CISIS 2019) and 10th International Conference on EUropean Transnational Education (ICEUTE 2019)},
  pages={67--76},
  year={2019},
  organization={Springer}
}

@article{dorigo1997ant,
  title={Ant colony system: a cooperative learning approach to the traveling salesman problem},
  author={Dorigo, Marco and Gambardella, Luca Maria},
  journal={IEEE Transactions on evolutionary computation},
  volume={1},
  number={1},
  pages={53--66},
  year={1997},
  publisher={IEEE}
}

@inproceedings{jabbar2018ant,
  title={Ant-based sorting and ACO-based clustering approaches: A review},
  author={Jabbar, Ayad Mohammed and Ku-Mahamud, Ku Ruhana and Sagban, Rafid},
  booktitle={2018 IEEE Symposium on Computer Applications \& Industrial Electronics (ISCAIE)},
  pages={217--223},
  year={2018},
  organization={IEEE}
}

@inproceedings{Deneubourg:1991:DCS:116517.116557,
 author = {Deneubourg, J. L. and Goss, S. and Franks, N. and Sendova-Franks, A. and Detrain, C. and Chr{\'e}tien, L.},
 title = {The Dynamics of Collective Sorting Robot-like Ants and Ant-like Robots},
 booktitle = {Proceedings of the First International Conference on Simulation of Adaptive Behavior on From Animals to Animats},
 year = {1990},
 isbn = {0-262-63138-5},
 location = {Paris, France},
 pages = {356--363},
 numpages = {8},
 url = {http://dl.acm.org/citation.cfm?id=116517.116557},
 acmid = {116557},
 publisher = {MIT Press},
 address = {Cambridge, MA, USA},
} 